<?xml version="1.0" encoding="UTF-8"?><collection xmlns="http://www.loc.gov/MARC21/slim"><record><leader>00369nam--2200133-i-4500</leader><controlfield tag="001">000016081</controlfield><controlfield tag="002">20161230</controlfield><controlfield tag="005">20161230201031</controlfield><controlfield tag="008">060222s1000------------r-----000-0-eng-d</controlfield><datafield ind1=" " ind2=" " tag="080"><subfield code="a">535.34:543.422.5:535.34.3</subfield></datafield><datafield ind1=" " ind2=" " tag="245"><subfield code="a">Absorbtion spectra in ultraviolet and visible region</subfield></datafield><datafield ind1=" " ind2=" " tag="260"><subfield code="a">Budapest, Hungarian Academy Of Sciences, 1963</subfield></datafield><datafield ind1=" " ind2=" " tag="700"><subfield code="a">L©Łng, L</subfield></datafield><datafield ind1=" " ind2=" " tag="852"><subfield code="a">19278</subfield></datafield></record></collection>